@article{DBLP:journals/corr/abs-1710-08332,
  author    = {Robert Atkey and
               Michel Steuwer and
               Sam Lindley and
               Christophe Dubach},
  title     = {Strategy Preserving Compilation for Parallel Functional Code},
  journal   = {CoRR},
  volume    = {abs/1710.08332},
  year      = {2017}
}

@inproceedings{SteuwerReDu2017/cgo,
  author    = {Michel Steuwer and Toomas Remmelg and Christophe Dubach},
  title     = {Lift: A Functional Data-Parallel {IR} for High-Performance {GPU} Code Generation},
  series    = {CGO 2017},
  pages     = {74--85},
  publisher = {{IEEE}},
  year      = {2017},
}

@inproceedings{SteuwerFeLiDu2015/icfp,
  author    = {Michel Steuwer and
               Christian Fensch and
               Sam Lindley and
               Christophe Dubach},
  title     = {Generating performance portable code using rewrite rules: from high-level
               functional expressions to high-performance OpenCL code},
  series    = {ICFP 2015},
  pages     = {205--217},
  publisher = {{ACM}},
  year      = {2015},
}

@article{sujeeth14delite,
 author = {Sujeeth, Arvind K. and Brown, Kevin J. and Lee, Hyoukjoong and Rompf, Tiark and Chafi, Hassan and Odersky, Martin and Olukotun, Kunle},
 title = {Delite: A Compiler Architecture for Performance-Oriented Embedded Domain-Specific Languages},
 journal = {ACM TECS},
 issue_date = {July 2014},
 volume = {13},
 number = {4s},
 year = {2014},
 articleno = {134},
 numpages = {25},
 acmid = {2584665},
 publisher = {ACM},
 keywords = {Domain-specific languages, code generation, language virtualization, multistage programming},
} 

@inproceedings{mcdonell13optimising,
  author    = {Trevor L. McDonell and
               Manuel M. T. Chakravarty and
               Gabriele Keller and
               Ben Lippmeier},
  title     = {Optimising purely functional {GPU} programs},
  booktitle = {{ICFP}},
  pages     = {49--60},
  publisher = {{ACM}},
  year      = {2013}
}

@inproceedings{dubach12lime,
 author = {Dubach, Christophe and Cheng, Perry and Rabbah, Rodric and Bacon, David F. and Fink, Stephen J.},
 title = {Compiling a High-level Language for {GPUs}: (via Language Support for Architectures and Compilers)},
 series = {PLDI},
 year = {2012},
 location = {Beijing, China},
 numpages = {12},
 acmid = {2254066},
 publisher = {ACM},
 keywords = {gpu, java, lime, map, opencl, reduce, streaming},
}

@inproceedings{catanzaro11copperhead,
 author = {Catanzaro, Bryan and Garland, Michael and Keutzer, Kurt},
 title = {Copperhead: Compiling an Embedded Data Parallel Language},
 series = {PPoPP},
 year = {2011},
 location = {San Antonio, TX, USA},
 numpages = {10},
 acmid = {1941562},
 publisher = {ACM},
 keywords = {data parallelism, gpu, python},
} 

@techreport{harris08optred,
    author = {Harris, Mark},
    citeulike-article-id = {11425656},
    citeulike-linkout-0 = {http://developer.download.nvidia.com/assets/cuda/files/reduction.pdf},
    howpublished = {http://developer.download.nvidia.com/assets/cuda/files/reduction.pdf},
    institution = {nVidia},
    keywords = {cuda, gpgpu, nvidia, parallel, reduction},
    posted-at = {2012-10-09 22:58:28},
    priority = {0},
    title = {{Optimizing Parallel Reduction in CUDA}},
    url = {http://developer.download.nvidia.com/assets/cuda/files/reduction.pdf},
    year = {2008}
}



@techreport{blelloch93nessl,
 author = {Guy E. Blelloch},
 title = {NESL: A nested data-parallel language (version 2.6).},
 number = {CMU-CS-93-129},
 institution = {School of Computer Science, Carnegie Mellon University},
 month = {April},
 year = {1993}
}



@inproceedings{Reynolds78,
  author    = {John C. Reynolds},
  title     = {Syntactic Control of Interference},
  booktitle = {POPL},
  pages     = {39--46},
  year      = {1978},
  crossref  = {DBLP:conf/popl/1978},
  OPTurl       = {http://doi.acm.org/10.1145/512760.512766},
  OPTdoi       = {10.1145/512760.512766},
  timestamp = {Mon, 21 May 2012 16:19:50 +0200},
  biburl    = {http://dblp.uni-trier.de/rec/bib/conf/popl/Reynolds78},
  bibsource = {dblp computer science bibliography, http://dblp.org}
}

@proceedings{DBLP:conf/popl/1978,
  editor    = {Alfred V. Aho and
               Stephen N. Zilles and
               Thomas G. Szymanski},
  title     = {POPL},
  publisher = {{ACM} Press},
  year      = {1978},
  OPTurl       = {http://dl.acm.org/citation.cfm?id=512760},
  timestamp = {Mon, 21 May 2012 16:19:50 +0200},
  biburl    = {http://dblp.uni-trier.de/rec/bib/conf/popl/1978},
  bibsource = {dblp computer science bibliography, http://dblp.org}
}

@article{OHearnPTT99,
  author    = {Peter W. O'Hearn and
               John Power and
               Makoto Takeyama and
               Robert D. Tennent},
  title     = {Syntactic Control of Interference Revisited},
  journal   = {Theor. Comput. Sci.},
  volume    = {228},
  number    = {1-2},
  pages     = {211--252},
  year      = {1999},
  OPTurl       = {http://dx.doi.org/10.1016/S0304-3975(98)00359-4},
  OPTdoi       = {10.1016/S0304-3975(98)00359-4},
  timestamp = {Wed, 19 Nov 2003 16:11:14 +0100},
  biburl    = {http://dblp.uni-trier.de/rec/bib/journals/tcs/OHearnPTT99},
  bibsource = {dblp computer science bibliography, http://dblp.org}
}



@incollection{Reynolds97,
  author={Reynolds, John C.},
  editor={O'Hearn, Peter W. and Tennent, Robert D.},
  title={The Essence of {Algol}},
  booktitle={Algol-like Languages},
  year={1997},
  publisher={Birkh{\"a}user Boston},
  OPTaddress={Boston, MA},
  pages={67--88},
  OPTisbn={978-1-4612-4118-8},
  OPTdoi={10.1007/978-1-4612-4118-8_4},
  OPTurl={http://dx.doi.org/10.1007/978-1-4612-4118-8_4}
}

@techreport{ barber96dual,
  author = "Andrew Barber",
  title = "Dual Intuitionistic Linear Logic",
  institution = "LFCS, University of Edinburgh",
  number = "ECS-LFCS-96-347",
  year = "1996" }

@InProceedings{reddy94passivity,
    author = 	 {Uday Reddy},
    title = 	 {Passivity and independence},
    booktitle =  {Proceedings of the Ninth Annual IEEE Symp. on Logic in Computer Science, {LICS} 1994},
    year =	 1994,
    editor =	 {Samson Abramsky},
    month =	 {July},
    pages =      {342--352},
    location =   {Paris, France},
    publisher =	 {IEEE Computer Society Press}
  }

@misc{opencl,
  title = "The OpenCL Specification",
  author = "{Khronos OpenCL Working Group}",
  year = 2012,
  note = "Version 1.2"
}

@article{Strachey00,
  author    = {Christopher Strachey},
  title     = {Fundamental Concepts in Programming Languages},
  journal   = {Higher-Order and Symbolic Comp.},
  volume    = {13},
  number    = {1/2},
  pages     = {11--49},
  year      = {2000},
  OPTurl       = {http://dx.doi.org/10.1023/A:1010000313106},
  OPTdoi       = {10.1023/A:1010000313106},
  timestamp = {Wed, 25 May 2011 16:33:12 +0200},
  biburl    = {http://dblp.uni-trier.de/rec/bib/journals/lisp/Strachey00},
  bibsource = {dblp computer science bibliography, http://dblp.org}
}

@article{DanvyMN07,
  author    = {Olivier Danvy and
               Kevin Millikin and
               Lasse R. Nielsen},
  title     = {On one-pass {CPS} transformations},
  journal   = {J. Funct. Program.},
  volume    = {17},
  number    = {6},
  pages     = {793--812},
  year      = {2007},
  OPTurl       = {http://dx.doi.org/10.1017/S0956796807006387},
  OPTdoi       = {10.1017/S0956796807006387},
  timestamp = {Thu, 20 Nov 2008 13:50:20 +0100},
  biburl    = {http://dblp.uni-trier.de/rec/bib/journals/jfp/DanvyMN07},
  bibsource = {dblp computer science bibliography, http://dblp.org}
}

% subformula principle

% identified by Gentzen
@article{Gentzen-1935,
  author    = {Gentzen, G.},
  title     = {Untersuchungen {\"u}ber das logische Schlie{\ss}en. I},
  journal   = {Mathematische zeitschrift},
  volume    = {39},
  number    = {1},
  year      = {1935},
  publisher = {Springer}
}

% named by Prawitz
@book{Prawitz-1965,
  author    = {Prawitz, D.},
  title     = {Natural Deduction: A Proof-Theoretical Study},
  year      = {1965},
  publisher = {Almqvist and Wiksell}
}

% used in a similar way here
@inproceedings{NajdLSW16,
  author    = {Shayan Najd and
               Sam Lindley and
               Josef Svenningsson and
               Philip Wadler},
  title     = {Everything old is new again: quoted domain-specific languages},
  booktitle = {{PEPM}},
  pages     = {25--36},
  publisher = {{ACM}},
  year      = {2016}
}

@PhdThesis{oles82category,
  author = 	 {Frank J. Oles},
  title = 	 {A Category Theoretic Approach To Semantics of Programming Languages},
  school = 	 {Syracuse University, Syracuse, New York},
  year = 	 1982,
  month =	 {August}
}

% geometry of synthesis
@inproceedings{Ghica07,
  author    = {Dan R. Ghica},
  title     = {Geometry of synthesis: a structured approach to {VLSI} design},
  booktitle = {{POPL}},
  pages     = {363--375},
  publisher = {{ACM}},
  year      = {2007}
}



@article{DBLP:journals/entcs/Reddy13,
  author    = {Uday S. Reddy},
  title     = {Automata-Theoretic Semantics of Idealized Algol with Passive Expressions},
  journal   = {Electr. Notes Theor. Comput. Sci.},
  volume    = {298},
  pages     = {325--348},
  year      = {2013}
}



@article{DBLP:journals/jacm/OHearnT95,
  author    = {Peter W. O'Hearn and
               Robert D. Tennent},
  title     = {Parametricity and Local Variables},
  journal   = {J. {ACM}},
  volume    = {42},
  number    = {3},
  pages     = {658--709},
  year      = {1995}
}

@inproceedings{reynolds83types,
  author    = {J. C. Reynolds},
  title     = {{Types, Abstraction and Parametric Polymorphism}},
  booktitle = {Proc. IFIP 9th World Computer Congress},
  series    = "Information Processing",
  volume    = 83,
  year      = 1983,
  pages     = {513-523},
  bibsource = {DBLP, http://dblp.uni-trier.de}
}


@inproceedings{ChakravartyKLMG11,
  author    = {Manuel M. T. Chakravarty and
               Gabriele Keller and
               Sean Lee and
               Trevor L. McDonell and
               Vinod Grover},
  title     = {Accelerating Haskell array codes with multicore GPUs},
  booktitle = {{DAMP}},
  pages     = {3--14},
  publisher = {{ACM}},
  year      = {2011}
}

@inproceedings{BergstromR12,
  author    = {Lars Bergstrom and
               John H. Reppy},
  title     = {Nested data-parallelism on the gpu},
  booktitle = {{ICFP}},
  pages     = {247--258},
  publisher = {{ACM}},
  year      = {2012}
}

@inproceedings{collins14nova,
  author    = {Alexander Collins and
               Dominik Grewe and
               Vinod Grover and
               Sean Lee and
               Adriana Susnea},
  title     = {{NOVA:} {A} Functional Language for Data Parallelism},
  booktitle = {ARRAY@PLDI},
  pages     = {8--13},
  publisher = {{ACM}},
  year      = {2014}
}

@inproceedings{zhang13hidp,
 author = {Zhang, Yongpeng and Mueller, Frank},
 title = {{HiDP}: A Hierarchical Data Parallel Language},
 booktitle2 = "{Proceedings of the Annual IEEE/ACM International Symposium on Code Generation and Optimization}",
 booktitle2 = {Proceedings of CGO 13},
 booktitle3 = CGO,
 series = {CGO},
 publisher = {IEEE},
 year = 2013,
}

@inproceedings{brown11heterogeneous,
 author = {Brown, Kevin J. and Sujeeth, Arvind K. and Lee, Hyouk Joong and Rompf, Tiark and Chafi, Hassan and Odersky, Martin and Olukotun, Kunle},
 title = {A Heterogeneous Parallel Framework for Domain-Specific Languages},
 booktitle4 = "{Proceedings of the 20th International Conference on Parallel Architectures and Compilation Techniques}",
 booktitle2 = "{Proceedings of PACT 20}",
 booktitle3 = PACT,
 publisher = {ACM},
 series = {PACT},
 year = 2011
} 

@inproceedings{chafi11domain,
 author = {Chafi, Hassan and Sujeeth, Arvind K. and Brown, Kevin J. and Lee, HyoukJoong and Atreya, Anand R. and Olukotun, Kunle},
 title = {A Domain-specific Approach to Heterogeneous Parallelism},
 booktitle4 = "{Proceedings of the 16th ACM Symposium on Principles and Practice of Parallel Programming}",
 booktitle2 = "{Proceedings of PPoPP 16}",
 booktitle3 = PPoPP,
 series = {PPoPP},
 publisher = {ACM},
 year = 2011,
} 


@article{SvenssonNS16,
  author    = {Bo Joel Svensson and
               Ryan R. Newton and
               Mary Sheeran},
  title     = {A language for hierarchical data parallel design-space exploration
               on GPUs},
  journal   = {J. Funct. Program.},
  volume    = {26},
  pages     = {e6},
  year      = {2016}
}

@inproceedings{DBLP:conf/popl/Reynolds95,
  author    = {John C. Reynolds},
  title     = {Using Functor Categories to Generate Intermediate Code},
  booktitle = {{POPL}},
  pages     = {25--36},
  publisher = {{ACM} Press},
  year      = {1995}
}

@proceedings{DBLP:conf/popl/1995,
  editor    = {Ron K. Cytron and
               Peter Lee},
  title     = {Conference Record of POPL'95: 22nd {ACM} {SIGPLAN-SIGACT} Symposium
               on Principles of Programming Languages, San Francisco, California,
               USA, January 23-25, 1995},
  publisher = {{ACM} Press},
  year      = {1995},
  url       = {http://dl.acm.org/citation.cfm?id=199448},
  isbn      = {0-89791-692-1},
  timestamp = {Mon, 10 Dec 2012 15:26:39 +0100},
  biburl    = {http://dblp.uni-trier.de/rec/bib/conf/popl/1995},
  bibsource = {dblp computer science bibliography, http://dblp.org}
}



@article{DBLP:journals/mscs/OHearn93,
  author    = {Peter W. O'Hearn},
  title     = {A Model for Syntactic Control of Interference},
  journal   = {Mathematical Structures in Computer Science},
  volume    = {3},
  number    = {4},
  pages     = {435--465},
  year      = {1993}
}




@article{DBLP:journals/iandc/Tennent90,
  author    = {Robert D. Tennent},
  title     = {Semantical Analysis of Specification Logic},
  journal   = {Inf. Comput.},
  volume    = {85},
  number    = {2},
  pages     = {135--162},
  year      = {1990}
}



@article{DBLP:journals/iandc/OHearnT93,
  author    = {Peter W. O'Hearn and
               Robert D. Tennent},
  title     = {Semantical Analysis of Specification Logic, 2},
  journal   = {Inf. Comput.},
  volume    = {107},
  number    = {1},
  pages     = {25--57},
  year      = {1993}
}




@inproceedings{DBLP:conf/popl/IshtiaqO01,
  author    = {Samin S. Ishtiaq and
               Peter W. O'Hearn},
  title     = {{BI} as an Assertion Language for Mutable Data Structures},
  booktitle = {{POPL}},
  pages     = {14--26},
  publisher = {{ACM}},
  year      = {2001}
}



@article{DBLP:journals/lisp/Reddy96,
  author    = {Uday S. Reddy},
  title     = {Global State Considered Unnecessary: An Introduction to Object-Based
               Semantics},
  journal   = {Lisp and Symbolic Computation},
  volume    = {9},
  number    = {1},
  pages     = {7--76},
  year      = {1996}
}



@article{DBLP:journals/iandc/Brookes02,
  author    = {Stephen D. Brookes},
  title     = {The Essence of Parallel Algol},
  journal   = {Inf. Comput.},
  volume    = {179},
  number    = {1},
  pages     = {118--149},
  year      = {2002}
}



@article{DBLP:journals/tcs/Girard87,
  author    = {Jean{-}Yves Girard},
  title     = {Linear Logic},
  journal   = {Theor. Comput. Sci.},
  volume    = {50},
  pages     = {1--102},
  year      = {1987}
}




@article{DBLP:journals/lisp/Reynolds98a,
  author    = {John C. Reynolds},
  title     = {Definitional Interpreters for Higher-Order Programming Languages},
  journal   = {Higher-Order and Symbolic Computation},
  volume    = {11},
  number    = {4},
  pages     = {363--397},
  year      = {1998}
}

@MastersThesis{steele78rabbit,
  author =       {G.~.L. Steele},
  title =        {Rabbit: A Compiler for Scheme},
  school =       {MIT},
  year =         1978}




@article{TrinderHLJ98,
  author    = {Philip W. Trinder and
               Kevin Hammond and
               Hans{-}Wolfgang Loidl and
               Simon L. {Peyton Jones}},
  title     = {Algorithms + Strategy = Parallelism},
  journal   = {J. Funct. Program.},
  volume    = {8},
  number    = {1},
  pages     = {23--60},
  year      = {1998},
  url       = {http://journals.cambridge.org/action/displayAbstract?aid=44147},
  timestamp = {Fri, 10 Jun 2011 14:42:10 +0200},
  biburl    = {https://dblp.org/rec/bib/journals/jfp/TrinderHLJ98},
  bibsource = {dblp computer science bibliography, https://dblp.org}
}




@article{Ragan-KelleyASB18,
  author    = {Jonathan Ragan{-}Kelley and
               Andrew Adams and
               Dillon Sharlet and
               Connelly Barnes and
               Sylvain Paris and
               Marc Levoy and
               Saman P. Amarasinghe and
               Fr{\'{e}}do Durand},
  title     = {Halide: decoupling algorithms from schedules for high-performance
               image processing},
  journal   = {Commun. {ACM}},
  volume    = {61},
  number    = {1},
  pages     = {106--115},
  year      = {2018},
  url       = {http://doi.acm.org/10.1145/3150211},
  doi       = {10.1145/3150211},
  timestamp = {Thu, 11 Jan 2018 14:21:28 +0100},
  biburl    = {https://dblp.org/rec/bib/journals/cacm/Ragan-KelleyASB18},
  bibsource = {dblp computer science bibliography, https://dblp.org}
}

@inproceedings{DBLP:conf/ecoop/AndersonLKTVS17,
  author    = {Todd A. Anderson and
               Hai Liu and
               Lindsey Kuper and
               Ehsan Totoni and
               Jan Vitek and
               Tatiana Shpeisman},
  editor    = {Peter M{\"{u}}ller},
  title     = {Parallelizing Julia with a Non-Invasive {DSL}},
  booktitle = {31st European Conference on Object-Oriented Programming, {ECOOP} 2017,
               June 19-23, 2017, Barcelona, Spain},
  series    = {LIPIcs},
  volume    = {74},
  pages     = {4:1--4:29},
  publisher = {Schloss Dagstuhl - Leibniz-Zentrum fuer Informatik},
  year      = {2017},
  url       = {https://doi.org/10.4230/LIPIcs.ECOOP.2017.4},
  doi       = {10.4230/LIPIcs.ECOOP.2017.4},
  timestamp = {Tue, 27 Jun 2017 10:42:55 +0200},
  biburl    = {https://dblp.org/rec/bib/conf/ecoop/AndersonLKTVS17},
  bibsource = {dblp computer science bibliography, https://dblp.org}
}

@inproceedings{DBLP:conf/cases/SteuwerRD16,
  author    = {Michel Steuwer and
               Toomas Remmelg and
               Christophe Dubach},
  title     = {Matrix multiplication beyond auto-tuning: rewrite-based {GPU} code
               generation},
  booktitle = {2016 International Conference on Compilers, Architectures and Synthesis
               for Embedded Systems, {CASES} 2016, Pittsburgh, Pennsylvania, USA,
               October 1-7, 2016},
  pages     = {15:1--15:10},
  publisher = {{ACM}},
  year      = {2016},
  url       = {http://doi.acm.org/10.1145/2968455.2968521},
  doi       = {10.1145/2968455.2968521},
  timestamp = {Thu, 27 Oct 2016 13:01:23 +0200},
  biburl    = {https://dblp.org/rec/bib/conf/cases/SteuwerRD16},
  bibsource = {dblp computer science bibliography, https://dblp.org}
}

@Book{klabnik18rust,
  author =    {Steve Klabnik and Carol Nichols},
  title =        {The Rust Programming Language},
  publisher =    {No Starch Press},
  year =         2018,
  edition =   {2nd}}

